<record><leader>00000cas a22000007a 4500</leader><controlfield tag="001">20585441</controlfield><controlfield tag="008">891102d18741875gauwr ne      0    0eng d</controlfield><datafield ind1=" " ind2=" " tag="010"><subfield code="a">sn 89053563 </subfield></datafield><datafield ind1=" " ind2=" " tag="040"><subfield code="a">NLG</subfield><subfield code="b">eng</subfield><subfield code="c">NLG</subfield><subfield code="d">OCLCQ</subfield></datafield><datafield ind1=" " ind2=" " tag="042"><subfield code="a">msc</subfield></datafield><datafield ind1="0" ind2="0" tag="245"><subfield code="a">Gallaher's independent.</subfield></datafield><datafield ind1=" " ind2=" " tag="260"><subfield code="a">Quitman, Ga. :</subfield><subfield code="b">J.C. Gallaher</subfield></datafield><datafield ind1=" " ind2=" " tag="300"><subfield code="a">v.</subfield></datafield><datafield ind1=" " ind2=" " tag="310"><subfield code="a">Weekly</subfield></datafield><datafield ind1="0" ind2=" " tag="362"><subfield code="a">Vol. 1, no. 39 (Jan. 31, 1874)-v. 3, no. 16 (Aug. 20, 1875).</subfield></datafield><datafield ind1=" " ind2=" " tag="752"><subfield code="a">United States</subfield><subfield code="b">Georgia</subfield><subfield code="c">Brooks</subfield><subfield code="d">Quitman.</subfield></datafield><datafield ind1="0" ind2="0" tag="780"><subfield code="t">Independent (Quitman, Ga.)</subfield><subfield code="w">(DLC)sn 89053564</subfield></datafield><datafield ind1="0" ind2="4" tag="785"><subfield code="t">Quitman reporter</subfield><subfield code="w">(DLC)sn 86053107</subfield></datafield></record>